@article{nyuLucasHelen,
        author = {Lucas D. Introna and Helen Nissenbaum},
        title = {Facial Recognition Technology A Survey of Policy and Implementation Issues},
        journal = {The Center for Catastrophe Preparedness},
pages={60},
        month = {August},
        year = {2008},
school={New York University}
}

@article{NPIA,
        author = {Ambika Suman and Biometric technologies manager and Biometrics team Identification},
        title = {Automated Face Recognition Applications within Law Enforcement},
        journal = {Market and Technology Review},
pages={79},
        month = {October},
        year = {2006}
}