@article{Two-Dimensional,
        author = {Jian Yang, David Zhang and Alejandro F. Frangi and Jing-yu Yang},
        title = {Two-Dimensional PCA: A New Approach to Appearance-Based Face Representation and Recognition},
        journal = {IEEE TRANSACTIONS ON PATTERN ANALYSIS AND MACHINE INTELLIGENCE},
        month = {JANUARY},
        year = {2004}
}
@article{Active-Shape,
        author = {Federico M. Sukno and Sebastian Ordas and Constantine Butakoff and Santiago Cruz and Alejandro F. Frangi},
        title = {Active Shape Models with Invariant Optimal Features: Application to Facial Analysis},
        journal = {IEEE TRANSACTIONS ON PATTERN ANALYSIS AND MACHINE INTELLIGENCE},
        month = {JULY},
        year = {2007}
}
@article{Using-Graph,
        author = {Deng Cai and Xiaofei He and Jiawei Han},
        title = {Using Graph Model for Face Analysis},
        journal = {IEEE TRANSACTIONS ON PATTERN ANALYSIS AND MACHINE INTELLIGENCE},
		school = {Department of Computer Science University of Illinois at Urbana-Champaign and Department of Computer Science University of Chicago},
        month = {JANUARY},
        year = {2004}
}

@article{Image-Based,
        author = {Tony Ezzat and Tomaso Poggio},
        title = {Facial Analysis and Synthesis Using Image-Based Models},
        journal = {Workshop on the Algorithmic Foundations of Robotics},
        month = {AUGUST},
        year = {1996}
}
@article{PCA,
        author = {Lindsay Smith},
        title = {A tutorial on Principal Components Analysis},
        month = {FEBRUARY},
        year = {2006}
}
@article{active-appearance-model,
        author = {Franck Davoine and Bouchra Abboud and Van Mo Dang},
        title = {Face and facial expression analysis based on an active appearance model},
        journal = {UMR 6599 CNRS},
		school = {Université de Technologie de Compiègne},
        month = {FEBRUARY},
        year = {2004}
}
@article{UseIEEE,
        author = {Michael Shell},
        title = {How to Use the IEEEtran LATEX Class},
        journal = {JOURNAL OF LATEX CLASS FILES},
        month = {JANUARY},
        year = {2007}
}
@article{facebook,
        author = {Le Monde},
        title = {Facebook introduces facial recognition for pictures},
        journal = {Le Monde},
        month = {SEPTEMBER},
        year = {2010}
}
@article{NPIA,
        author = {Ambika Suman},
        title = {Automated Face Recognition Applications within Law Enforcement},
        journal = {Market and Technology Review},
        month = {OCTOBER},
        year = {2006}
}
